<?xml version="1.0" encoding="UTF-8"?>
<record>
  <leader>01294nam a2200337 i 4500</leader>
  <controlfield tag="001">99376636359506441</controlfield>
  <controlfield tag="005">20230629222819.0</controlfield>
  <controlfield tag="006">m     o  d        </controlfield>
  <controlfield tag="007">cr cnu||||||||</controlfield>
  <controlfield tag="008">220919s2022    mdua    ob    001 0 eng d</controlfield>
  <datafield tag="020" ind1=" " ind2=" ">
    <subfield code="a">1-66699-733-1</subfield>
  </datafield>
  <datafield tag="020" ind1=" " ind2=" ">
    <subfield code="a">1-66690-401-5</subfield>
  </datafield>
  <datafield tag="024" ind1="7" ind2=" ">
    <subfield code="a">10.5040/9781666997330</subfield>
    <subfield code="2">doi</subfield>
  </datafield>
  <datafield tag="035" ind1=" " ind2=" ">
    <subfield code="a">(CKB)4100000012510359</subfield>
  </datafield>
  <datafield tag="035" ind1=" " ind2=" ">
    <subfield code="a">(MiAaPQ)EBC6876351</subfield>
  </datafield>
  <datafield tag="035" ind1=" " ind2=" ">
    <subfield code="a">(OCoLC)1293451012</subfield>
  </datafield>
  <datafield tag="035" ind1=" " ind2=" ">
    <subfield code="a">(UkLoBP)BP9781666997330BC</subfield>
  </datafield>
  <datafield tag="035" ind1=" " ind2=" ">
    <subfield code="a">(EXLCZ)994100000012510359</subfield>
  </datafield>
  <datafield tag="040" ind1=" " ind2=" ">
    <subfield code="a">UkLoBP</subfield>
    <subfield code="b">eng</subfield>
    <subfield code="e">rda</subfield>
    <subfield code="c">UkLoBP</subfield>
  </datafield>
  <datafield tag="050" ind1=" " ind2="4">
    <subfield code="a">PE1404</subfield>
    <subfield code="b">.L565 2022</subfield>
  </datafield>
  <datafield tag="082" ind1="0" ind2=" ">
    <subfield code="a">808.042071</subfield>
    <subfield code="2">23</subfield>
  </datafield>
  <datafield tag="245" ind1="0" ind2="0">
    <subfield code="a">Liminal spaces of writing in adolescent and adult education /</subfield>
    <subfield code="c">edited by Mellinee Lesley [and three others].</subfield>
  </datafield>
  <datafield tag="250" ind1=" " ind2=" ">
    <subfield code="a">1st ed.</subfield>
  </datafield>
  <datafield tag="264" ind1=" " ind2="1">
    <subfield code="a">Maryland :</subfield>
    <subfield code="b">Lexington Books,</subfield>
    <subfield code="c">2022.</subfield>
  </datafield>
  <datafield tag="264" ind1=" " ind2="2">
    <subfield code="a">New York :</subfield>
    <subfield code="b">Bloomsbury Publishing (US),</subfield>
    <subfield code="c">2025.</subfield>
  </datafield>
  <datafield tag="300" ind1=" " ind2=" ">
    <subfield code="a">1 online resource (225 pages) :</subfield>
    <subfield code="b">illustrations</subfield>
  </datafield>
  <datafield tag="336" ind1=" " ind2=" ">
    <subfield code="a">text</subfield>
    <subfield code="b">txt</subfield>
    <subfield code="2">rdacontent</subfield>
  </datafield>
  <datafield tag="337" ind1=" " ind2=" ">
    <subfield code="a">computer</subfield>
    <subfield code="b">c</subfield>
    <subfield code="2">rdamedia</subfield>
  </datafield>
  <datafield tag="338" ind1=" " ind2=" ">
    <subfield code="a">online resource</subfield>
    <subfield code="b">cr</subfield>
    <subfield code="2">rdacarrier</subfield>
  </datafield>
  <datafield tag="347" ind1=" " ind2=" ">
    <subfield code="a">text file</subfield>
    <subfield code="b">rdaft</subfield>
    <subfield code="2">HTML</subfield>
  </datafield>
  <datafield tag="504" ind1=" " ind2=" ">
    <subfield code="a">Includes bibliographical references and index.</subfield>
  </datafield>
  <datafield tag="505" ind1="0" ind2=" ">
    <subfield code="a">Introduction: The role of liminality in developing useful writing / René Saldaña, Jr., Mellinee Lesley, Julie Smit, Jin Kyeong Jung -- More than the second 'R' : revisiting writing instruction for young adults / Kristine E. Pytash and Mellinee Lesley -- Why we write : the scribal identities of adolescents working against standardization / R. Joseph Rodriguez -- The shifting identities of literacy graduates : from learners of writing instruction to novice teachers of adolescent writers / Thea Yurkewecz-Stellato, Shelby Erhard, and Richard Rappold -- In search of the aesthetic : an arts-based approach to writing up our research / Elizabeth Stewart and René Saldaña, Jr. -- Literacy legacies / Stephanie Millet -- Creating a liminal writing class for multilingual adolescent writers / Jin Kyeong Jung -- Video games in the middle school reading classroom : a cultural canon or a social bomb? / Elizabeth Davis Jones -- Writing interviews / Kelly DeLong -- Writing catharsis : inviting students to think and then write outside of the box / Rachel R. Graham -- "I really wish more girls would tell their story" : adolescent girls' composing for advocacy in the liminal space of digital media / Mellinee Lesley -- Voices from an "underperforming" English class / Whitney Beach -- "Places so far that I could only dream" : an interview with Cameron James / Cameron James, Mellinee Lesley and René Saldaña, Jr.</subfield>
  </datafield>
  <datafield tag="520" ind1=" " ind2=" ">
    <subfield code="a">"Liminal Spaces of Writing in Adolescent and Adult Education sheds new light on persistent issues plaguing student writing. Through a compilation of approaches centered around the convergence of structure and agency in practicing writing, the book offers invaluable insights into cultivating agentic student writing for literacy researchers"--</subfield>
    <subfield code="c">Provided by publisher.</subfield>
  </datafield>
  <datafield tag="650" ind1=" " ind2="0">
    <subfield code="a">English language</subfield>
    <subfield code="x">Rhetoric</subfield>
    <subfield code="x">Study and teaching</subfield>
    <subfield code="x">Psychological aspects.</subfield>
  </datafield>
  <datafield tag="650" ind1=" " ind2="7">
    <subfield code="a">Literacy.</subfield>
    <subfield code="2">fast</subfield>
    <subfield code="0">(OCoLC)fst00999859</subfield>
    <subfield code="0">http://id.worldcat.org/fast/999859</subfield>
    <subfield code="B">OCLC-fst00999859</subfield>
  </datafield>
  <datafield tag="650" ind1=" " ind2="7">
    <subfield code="a">Liminality.</subfield>
    <subfield code="2">fast</subfield>
    <subfield code="0">(OCoLC)fst00998872</subfield>
    <subfield code="0">http://id.worldcat.org/fast/998872</subfield>
    <subfield code="B">OCLC-fst00998872</subfield>
  </datafield>
  <datafield tag="650" ind1=" " ind2="7">
    <subfield code="a">English language</subfield>
    <subfield code="x">Rhetoric</subfield>
    <subfield code="x">Study and teaching</subfield>
    <subfield code="x">Psychological aspects.</subfield>
    <subfield code="2">fast</subfield>
    <subfield code="0">(OCoLC)fst00911606</subfield>
    <subfield code="0">http://id.worldcat.org/fast/911606</subfield>
  </datafield>
  <datafield tag="650" ind1=" " ind2="7">
    <subfield code="a">English language</subfield>
    <subfield code="x">Composition and exercises</subfield>
    <subfield code="x">Study and teaching (Secondary)</subfield>
    <subfield code="2">fast</subfield>
    <subfield code="0">(OCoLC)fst00911043</subfield>
    <subfield code="0">http://id.worldcat.org/fast/911043</subfield>
  </datafield>
  <datafield tag="650" ind1=" " ind2="7">
    <subfield code="a">Academic writing</subfield>
    <subfield code="x">Study and teaching.</subfield>
    <subfield code="2">fast</subfield>
    <subfield code="0">(OCoLC)fst00795104</subfield>
    <subfield code="0">http://id.worldcat.org/fast/795104</subfield>
  </datafield>
  <datafield tag="650" ind1=" " ind2="7">
    <subfield code="a">Teaching Methods &amp; Materials.</subfield>
    <subfield code="2">bisacsh</subfield>
  </datafield>
  <datafield tag="650" ind1=" " ind2="7">
    <subfield code="a">Secondary.</subfield>
    <subfield code="2">bisacsh</subfield>
  </datafield>
  <datafield tag="650" ind1=" " ind2="7">
    <subfield code="a">EDUCATION.</subfield>
    <subfield code="2">bisacsh</subfield>
  </datafield>
  <datafield tag="650" ind1=" " ind2="7">
    <subfield code="a">Adult &amp; Continuing Education.</subfield>
    <subfield code="2">bisacsh</subfield>
  </datafield>
  <datafield tag="650" ind1=" " ind2="0">
    <subfield code="a">Liminality.</subfield>
  </datafield>
  <datafield tag="650" ind1=" " ind2="0">
    <subfield code="a">Literacy.</subfield>
  </datafield>
  <datafield tag="650" ind1=" " ind2="0">
    <subfield code="a">Academic writing</subfield>
    <subfield code="x">Study and teaching.</subfield>
  </datafield>
  <datafield tag="650" ind1=" " ind2="0">
    <subfield code="a">English language</subfield>
    <subfield code="x">Composition and exercises</subfield>
    <subfield code="x">Study and teaching (Secondary)</subfield>
  </datafield>
  <datafield tag="650" ind1=" " ind2="0">
    <subfield code="a">English language</subfield>
    <subfield code="x">Rhetoric</subfield>
    <subfield code="x">Study and teaching</subfield>
    <subfield code="x">Education (Continuing education)</subfield>
  </datafield>
  <datafield tag="655" ind1=" " ind2="7">
    <subfield code="a">Essays</subfield>
    <subfield code="2">lcgft</subfield>
    <subfield code="0">http://id.loc.gov/authorities/genreForms/gf2014026094</subfield>
  </datafield>
  <datafield tag="700" ind1="1" ind2=" ">
    <subfield code="a">Beach, Whitney,</subfield>
    <subfield code="e">author.</subfield>
  </datafield>
  <datafield tag="700" ind1="1" ind2=" ">
    <subfield code="a">Graham, Rachel,</subfield>
    <subfield code="e">author.</subfield>
  </datafield>
  <datafield tag="700" ind1="1" ind2=" ">
    <subfield code="a">Jones, Elizabeth Davis,</subfield>
    <subfield code="e">author.</subfield>
  </datafield>
  <datafield tag="700" ind1="1" ind2=" ">
    <subfield code="a">Jung, Jin Kyeong,</subfield>
    <subfield code="e">author.</subfield>
  </datafield>
  <datafield tag="700" ind1="1" ind2=" ">
    <subfield code="a">Saldana, Rene,</subfield>
    <subfield code="e">editor.</subfield>
  </datafield>
  <datafield tag="700" ind1="1" ind2=" ">
    <subfield code="e">editor.</subfield>
  </datafield>
  <datafield tag="776" ind1="0" ind2="8">
    <subfield code="z">1-66690-400-7</subfield>
  </datafield>
  <datafield tag="906" ind1=" " ind2=" ">
    <subfield code="a">BOOK</subfield>
  </datafield>
  <datafield tag="MBD" ind1=" " ind2=" ">
    <subfield code="M">49HBZ_NETWORK</subfield>
    <subfield code="i">99376636359506441</subfield>
    <subfield code="n">HBZ Network</subfield>
  </datafield>
  <datafield tag="MBD" ind1=" " ind2=" ">
    <subfield code="M">49HBZ_RUW</subfield>
    <subfield code="i">991004268876006453</subfield>
    <subfield code="n">Hochschule Ruhr West</subfield>
  </datafield>
  <datafield tag="MBD" ind1=" " ind2=" ">
    <subfield code="M">49HBZ_UBO</subfield>
    <subfield code="i">991028123948006471</subfield>
    <subfield code="n">Universität Bochum</subfield>
  </datafield>
  <datafield tag="MBD" ind1=" " ind2=" ">
    <subfield code="M">49HBZ_ULM</subfield>
    <subfield code="i">991045225046606449</subfield>
    <subfield code="n">Universität Münster</subfield>
  </datafield>
  <datafield tag="MNG" ind1=" " ind2=" ">
    <subfield code="c">system</subfield>
    <subfield code="f">BLOOMSBURY</subfield>
    <subfield code="i">marc21</subfield>
    <subfield code="l">112</subfield>
    <subfield code="e">false</subfield>
    <subfield code="d">2026-04-23 00:22:51 Europe/Berlin</subfield>
    <subfield code="g">994100000012510359</subfield>
    <subfield code="a">CKB</subfield>
    <subfield code="b">2026-03-01 02:08:45 Europe/Berlin</subfield>
  </datafield>
  <datafield tag="POR" ind1=" " ind2=" ">
    <subfield code="j">BECK</subfield>
    <subfield code="x">System</subfield>
    <subfield code="a">5344935700006453</subfield>
    <subfield code="h">DEFAULT</subfield>
    <subfield code="M">49HBZ_RUW</subfield>
    <subfield code="p">6126608750006453</subfield>
    <subfield code="q">Beck-eLibrary All Books</subfield>
    <subfield code="c">param</subfield>
    <subfield code="o">615410000000002714</subfield>
    <subfield code="y">2026-03-01 00:55:26 Europe/Berlin</subfield>
    <subfield code="w">2026-03-01 00:55:26 Europe/Berlin</subfield>
    <subfield code="D">https://eu04.alma.exlibrisgroup.com/view/uresolver/49HBZ_NETWORK/openurl?u.ignore_date_coverage=true&amp;portfolio_pid=5344935700006453&amp;Force_direct=true</subfield>
    <subfield code="v">electronic inventory creator</subfield>
    <subfield code="z">2026-02-28 23:55:26</subfield>
    <subfield code="i">true</subfield>
    <subfield code="S">6226608740006453</subfield>
    <subfield code="d">https://hbz-network.userservices.exlibrisgroup.com/view/uresolver/49HBZ_NETWORK/openurl?u.ignore_date_coverage=true&amp;rft.mms_id=991004268876006453</subfield>
    <subfield code="b">Available</subfield>
    <subfield code="f">BOOK</subfield>
    <subfield code="8">5344935700006453</subfield>
  </datafield>
  <datafield tag="POR" ind1=" " ind2=" ">
    <subfield code="j">BECK</subfield>
    <subfield code="x">System</subfield>
    <subfield code="a">53220306140006471</subfield>
    <subfield code="M">49HBZ_UBO</subfield>
    <subfield code="p">61185229140006471</subfield>
    <subfield code="q">Beck-eLibrary All Books</subfield>
    <subfield code="c">param</subfield>
    <subfield code="o">615410000000002714</subfield>
    <subfield code="y">2026-03-01 00:40:27 Europe/Berlin</subfield>
    <subfield code="w">2026-03-01 00:40:27 Europe/Berlin</subfield>
    <subfield code="D">https://eu04.alma.exlibrisgroup.com/view/uresolver/49HBZ_NETWORK/openurl?u.ignore_date_coverage=true&amp;portfolio_pid=53220306140006471&amp;Force_direct=true</subfield>
    <subfield code="v">electronic inventory creator</subfield>
    <subfield code="z">2026-02-28 23:40:27</subfield>
    <subfield code="i">false</subfield>
    <subfield code="t">POL-1824</subfield>
    <subfield code="S">62185229130006471</subfield>
    <subfield code="d">https://hbz-network.userservices.exlibrisgroup.com/view/uresolver/49HBZ_NETWORK/openurl?u.ignore_date_coverage=true&amp;rft.mms_id=991028123948006471</subfield>
    <subfield code="b">Available</subfield>
    <subfield code="f">BOOK</subfield>
    <subfield code="8">53220306140006471</subfield>
  </datafield>
  <datafield tag="POR" ind1=" " ind2=" ">
    <subfield code="j">BECK</subfield>
    <subfield code="x">System</subfield>
    <subfield code="a">53706917740006449</subfield>
    <subfield code="M">49HBZ_ULM</subfield>
    <subfield code="p">61626434700006449</subfield>
    <subfield code="q">EBA - Beck-eLibrary All Titles</subfield>
    <subfield code="c">param</subfield>
    <subfield code="o">615450000000001955</subfield>
    <subfield code="y">2026-03-19 12:35:34 Europe/Berlin</subfield>
    <subfield code="w">2026-03-07 06:50:34 Europe/Berlin</subfield>
    <subfield code="D">https://eu04.alma.exlibrisgroup.com/view/uresolver/49HBZ_NETWORK/openurl?u.ignore_date_coverage=true&amp;portfolio_pid=53706917740006449&amp;Force_direct=true</subfield>
    <subfield code="v">electronic inventory creator</subfield>
    <subfield code="z">2026-03-07 05:50:34</subfield>
    <subfield code="i">false</subfield>
    <subfield code="S">62626434690006449</subfield>
    <subfield code="d">https://hbz-network.userservices.exlibrisgroup.com/view/uresolver/49HBZ_NETWORK/openurl?u.ignore_date_coverage=true&amp;rft.mms_id=991045225046606449</subfield>
    <subfield code="b">Not Available</subfield>
    <subfield code="f">BOOK</subfield>
    <subfield code="8">53706917740006449</subfield>
  </datafield>
  <datafield tag="GSI" ind1="7" ind2=" ">
    <subfield code="a">http://id.worldcat.org/fast/998872</subfield>
    <subfield code="2">uri</subfield>
    <subfield code="A">FAST</subfield>
    <subfield code="B">OCLC-fst00998872</subfield>
    <subfield code="C">024</subfield>
  </datafield>
  <datafield tag="GST" ind1=" " ind2=" ">
    <subfield code="a">Illiteracy</subfield>
    <subfield code="A">FAST</subfield>
    <subfield code="B">OCLC-fst00999859</subfield>
    <subfield code="C">450</subfield>
  </datafield>
  <datafield tag="GSI" ind1="7" ind2=" ">
    <subfield code="a">http://id.worldcat.org/fast/999859</subfield>
    <subfield code="2">uri</subfield>
    <subfield code="A">FAST</subfield>
    <subfield code="B">OCLC-fst00999859</subfield>
    <subfield code="C">024</subfield>
  </datafield>
</record>
